@misc{argparse_repo,
    author = {Pranav (p-ranav)},
    title = {argparse},
    year = {2025},
    publisher = {GitHub},
    journal = {GitHub repository},
    howpublished = "online",
    url = "https://github.com/p-ranav/argparse",
    cited = "2025-04-13"
}
